%%%%%%%%%%%%%%%%%%%%%%%%%%%%%%%%%%%%%%%%%%%%%%%%
% Books
%%%%%%%%%%%%%%%%%%%%%%%%%%%%%%%%%%%%%%%%%%%%%%%%
@book{chen2002correlation,
  title={Correlation: Parametric and nonparametric measures},
  author={Chen, Peter Y and Smithson, Michael and Popovich, Paula M},
  number={139},
  year={2002},
  publisher={Sage}
}

@book{folland2013real,
    title={Real Analysis: Modern Techniques and Their Applications},
    author={Folland, G.B.},
    isbn={9781118626399},
    series={Pure and Applied Mathematics: A Wiley Series of Texts, Monographs and Tracts},
    url={https://books.google.com.br/books?id=wI4fAwAAQBAJ},
    year={2013},
    publisher={Wiley}
}

@book{ccinlar2011probability,
  title={Probability and stochastics},
  author={{\c{C}}{\i}nlar, Erhan},
  volume={261},
  year={2011},
  publisher={Springer Science \& Business Media}
}

@book{croft2012unsolved,
  title={Unsolved Problems in Geometry: Unsolved Problems in Intuitive Mathematics},
  author={Croft, H.T. and Falconer, K. and Guy, R.K.},
  isbn={9781461209638},
  lccn={90025041},
  series={Problem Books in Mathematics},
  url={https://books.google.com.br/books?id=rdDTBwAAQBAJ},
  year={2012},
  publisher={Springer New York}
}

@book{royden1988real,
    title={Real Analysis},
    author={Royden, H.L.},
    isbn={9780024041517},
    lccn={86033216},
    series={Mathematics and statistics},
    url={https://books.google.com.br/books?id=J4k\_AQAAIAAJ},
    year={1988},
    publisher={Macmillan}
}

@book{garling2014course,
    title = {A Course in Mathematical Analysis: Volume 3, Complex Analysis, Measure and Integration},
    author = {Garling, David JH},
    volume = {3},
    year = {2014},
    publisher = {Cambridge University Press}
}

@book{garling2013course,
    title = {A Course in Mathematical Analysis: Volume 1, Foundations and Elementary Real Analysis},
    author = {Garling, David JH},
    volume = {1},
    year = {2013},
    publisher = {Cambridge University Press}
}

@book{wu2008microscope,
	title = {Microscope Image Processing},
	author = {WU, Q. and MERCHANT, F.A. and CASTLEMAN, K.R.},
	year = {2008},
	publisher = {Elsevier}
}

@book{castleman1996digital,
    author = {Castleman, Kenneth R.},
    title = {Digital Image Processing},
    year = {1996},
    isbn = {0132114674},
    publisher = {Prentice Hall Press},
    address = {USA}
}

@book{triola2017elementary,
  title = {Elementary Statistics, 13th edition},
  author = {Triola, M.F.},
  isbn = {0134462459},
  year = {2017},
  publisher = {Pearson Education}
}

@book{mendenhall2016statistics,
    title = {Statistics for Engineering and the Sciences},
    author = {Mendenhall, William M and Sincich, Terry L},
    year = {2016},
    publisher = {CRC Press}
}

@book{devore2011probability,
  title = {Probability and Statistics for Engineering and the Sciences},
  author = {Devore, Jay L},
  year = {2011},
  publisher = {Cengage learning}
}

@book{zwillinger1999crc,
  title = {CRC standard probability and statistics tables and formulae},
  author = {Zwillinger, Daniel and Kokoska, Stephen},
  year = {1999},
  publisher = {Crc Press}
}

@book{degroot2012probability,
    title = {Probability and statistics},
    author = {DeGroot, Morris H and Schervish, Mark J},
    year = {2012},
    publisher = {Pearson Education}
}

@book{pavia2015introduction,
    title = {Introduction to Spectroscopy, 5th Edition, Pavia-Lampman-Kriz-Vyvyan, 2015: Introduction to Spectroscopy},
    author = {Learning, C.},
    series = {Introduction to Spectroscopy},
    url = {https://books.google.com.br/books?id=AkdmDwAAQBAJ},
    year = {2015}
}

@book{gauglitz2006handbook,
    title = {Handbook of Spectroscopy},
    author = {Gauglitz, G. and Vo-Dinh, T.},
    isbn = {9783527605026},
    lccn = {2004351326},
    url = {https://books.google.com.br/books?id=RkgGVFlck6QC},
    year = {2006},
    publisher = {Wiley}
}

@book{bell2009introduction,
    title = {An Introduction to Microscopy},
    author = {Bell, S. and Morris, K.},
    isbn = {9781420084504},
    lccn = {2009031928},
    series = {Forensics and criminal justice},
    url = {https://books.google.com.br/books?id=3CFFAQAAIAAJ},
    year = {2009},
    publisher = {CRC PressINC}
}

@book{fowles1989introduction,
    title = {Introduction to Modern Optics},
    author = {Fowles, G.R.},
    isbn = {9780486659572},
    lccn = {74023437},
    series = {Dover Books on Physics Series},
    url = {https://books.google.com.br/books?id=SL1n9TuJ5YMC},
    year = {1989},
    publisher = {Dover Publications}
}

@book{boyde1990modern,
    author = {Boyde, A.},
    editor = {Duke, P. J. and Michette, A. G.},
    title={Modern Microscopies: Techniques and Applications},
    year = {1990},
    publisher = {Springer US},
    address = {Boston, MA},
    abstract = {Although confocal microscopes were invented a long time ago, they have taken a long time to get off the ground. Until recently, this family of methods of microscopy was in the hands of the developers. However, many different manufacturers have now appeared on the scene with instruments ready for purchase.},
    isbn = {978-1-4613-1467-7},
    doi = {10.1007/978-1-4613-1467-7_10},
    url = {https://doi.org/10.1007/978-1-4613-1467-7_10},
}

@book{born1999principles,
    place = {Cambridge},
    edition = {7},
    title = {Principles of Optics: Electromagnetic Theory of Propagation, Interference and Diffraction of Light},
    DOI = {10.1017/CBO9781139644181},
    publisher = {Cambridge University Press},
    author = {Born, Max and Wolf, Emil and Bhatia, A. B. and Clemmow, P. C. and Gabor, D. and Stokes, A. R. and Taylor, A. M. and Wayman, P. A. and Wilcock, W. L.},
    year = {1999}
}

@book{smith2007modern,
  title={Modern Optical Engineering, 4th Ed.},
  author={Smith, W.},
  isbn={9780071476874},
  lccn={2008271731},
  series={McGraw-Hill series on optical and electro-optical engineering},
  year={2007},
  publisher={Mcgraw-hill},
  address={United States of America}
}

@book{halliday2000fundamentos,
    title={Fundamentos de Física, Volume 4: Óptica e Física Moderna.},
    author={Halliday, D. and Resnick, R. and Walker, J.},
    edition={10},
    isbn={978-85-216-3210-8},
    year={2016},
    address={Rio de Janeiro},
    publisher={LTC}
}

@book{halliday2013fundamentals,
    title={Fundamentals of Physics Extended, 10th Edition},
    author={Halliday, D. and Resnick, R. and Walker, J.},
    isbn={9781118473818},
    year={2013},
    address={Hoboken, New Jersey},
    publisher={Wiley}
}

@book{zilio2009optica,
  title={{\'O}ptica moderna: fundamentos e aplica{\c{c}}{\~o}es},
  author={Z{\'\i}lio, S.C.},
  isbn={9788588533417},
  url={https://books.google.com.br/books?id=pWrvSAAACAAJ},
  year={2009},
  publisher={Centro de Divulga{\c{c}}{\~a}o Cient{\'\i}fica e Cultural - CDCC}
}

@book{tipler2007physics,
  title={Physics for Scientists and Engineers: Mechanics, Oscillations and Waves, Thermodynamics},
  author={Tipler, P.A. and Mosca, G.},
  isbn={9781429201247},
  lccn={2007010418},
  url={https://books.google.com.br/books?id=BMVR37-8Jh0C},
  year={2007},
  publisher={W. H. Freeman}
}

@book{tipler2008physics,
  title={Physics for Scientists and Engineers, Volume 2: Electricity and Magnetism, Light},
  author={Tipler, P.A. and Mosca, G.},
  isbn={9781429237925},
  url={https://books.google.com.br/books?id=3\_lVDQEACAAJ},
  year={2008},
  publisher={W. H. Freeman}
}

@book{smith1988optics,
	title={Optics},
	author={Smith, F.G. and Thomson, J.H.},
	isbn={9780471915355},
	lccn={87022174},
	series={Manchester Physics Series},
	url={https://books.google.com.br/books?id=qNzGQgAACAAJ},
	year={1988},
	publisher={Wiley}
}

@inbook{roane2009microscopic,
    title = {Microscopic Techniques},
    author = {Roane, {Timberley M.} and Pepper, {Ian L} and Maier, {Raina Margaret}},
    year = {2009},
    doi = {10.1016/B978-0-12-370519-8.00009-2},
    language = {English (US)},
    isbn = {9780123705198},
    pages = {157--172},
    booktitle = {Environmental Microbiology},
    publisher = {Elsevier Inc.},
}

@incollection{zuiderveld1994constrast,
	title = {VIII.5. - Contrast Limited Adaptive Histogram Equalization},
	editor = {Paul S. Heckbert},
	booktitle = {Graphics Gems},
	publisher = {Academic Press},
	pages = {474 - 485},
	year = {1994},
	isbn = {978-0-12-336156-1},
	doi = {https://doi.org/10.1016/B978-0-12-336156-1.50061-6},
	author = {Karel Zuiderveld}
}

%%%%%%%%%%%%%%%%%%%%%%%%%%%%%%%%%%%%%%%%%%%%%%%%
% Articles
%%%%%%%%%%%%%%%%%%%%%%%%%%%%%%%%%%%%%%%%%%%%%%%%
@article{sheikh2006statistical,
    author={H. R. {Sheikh} and M. F. {Sabir} and A. C. {Bovik}},
    journal={IEEE Transactions on Image Processing},
    title={A Statistical Evaluation of Recent Full Reference Image Quality Assessment Algorithms},
    year={2006},
    volume={15},
    number={11},
    pages={3440-3451},
    doi={10.1109/TIP.2006.881959},
    ISSN={1941-0042},
    month={Nov},
}

@article{larson2010most,
    author = {Larson, Eric and Chandler, Damon},
    year = {2010},
    month = {01},
    pages = {011006},
    title = {Most apparent distortion: Full-reference image quality assessment and the role of strategy},
    volume = {19},
    journal = {J. Electronic Imaging},
    doi = {10.1117/1.3267105}
}

@article{nejati2015multi,
  title={Multi-focus image fusion using dictionary-based sparse representation},
  author={Nejati, Mansour and Samavi, Shadrokh and Shirani, Shahram},
  journal={Information Fusion},
  volume={25},
  pages={72--84},
  year={2015},
  publisher={Elsevier}
}

@article{tang2019feature,
    title = {Feature comparison and analysis for new challenging research fields of image quality assessment},
    journal = {Digital Signal Processing},
    volume = {91},
    pages = {3 - 10},
    year = {2019},
    note = {Quality Perception of Advanced Multimedia Systems},
    issn = {1051-2004},
    doi = {https://doi.org/10.1016/j.dsp.2018.12.002},
    url = {http://www.sciencedirect.com/science/article/pii/S1051200418308832},
    author = {Lijuan Tang and Kezheng Sun and Jing Bi and Jiheng Wang},
    keywords = {Image quality assessment (IQA), Multiple distortion, DIBR distortion, Authentical distortion},
}

@article{naidu2008pixel,
    title = {Pixel-level image fusion using wavelets and principal component analysis},
    author = {Naidu, VPS and Raol, Jitendra R},
    journal = {Defence Science Journal},
    volume = {58},
    number = {3},
    pages = {338},
    year = {2008},
    publisher = {Defence Scientific Information \& Documentation Centre}
}

@article{naidu2011image,
    title={Image fusion technique using multi-resolution singular value decomposition},
    author={Naidu, VPS},
    journal={Defence Science Journal},
    volume={61},
    number={5},
    pages={479--484},
    year={2011},
    publisher={Defence Scientific Information Documentation Centre}
}

@article{li2013image,
    title = {Image fusion with guided filtering},
    author = {Li, Shutao and Kang, Xudong and Hu, Jianwen},
    journal = {IEEE Transactions on Image processing},
    volume = {22},
    number = {7},
    pages = {2864--2875},
    year = {2013},
    publisher = {IEEE}
}


@article{kanjar2013image,
    author = {De, Kanjar and Masilamani, V.},
    year = {2013},
    month = {12},
    pages = {},
    title = {Image Sharpness Measure for Blurred Images in Frequency Domain},
    volume = {64},
    journal = {Procedia Engineering},
    doi = {10.1016/j.proeng.2013.09.086}
}

@article{ferzli2009noreference,
    author={R. {Ferzli} and L. J. {Karam}},
    journal={IEEE Transactions on Image Processing},
    title={A No-Reference Objective Image Sharpness Metric Based on the Notion of Just Noticeable Blur (JNB)},
    year={2009},
    volume={18},
    number={4},
    pages={717-728},
    doi={10.1109/TIP.2008.2011760},
    ISSN={},
    month={April},
}

@article{narvekar2011noreference,
    author = {Narvekar, N. D. and Karam, L. J.},
    title = {A No-Reference Image Blur Metric Based on the Cumulative Probability of Blur Detection (CPBD)},
    journal = {Trans. Img. Proc.},
    issue_date = {September 2011},
    volume = {20},
    number = {9},
    month = sep,
    year = {2011},
    issn = {1057-7149},
    pages = {2678--2683},
    numpages = {6},
    url = {http://dx.doi.org/10.1109/TIP.2011.2131660},
    doi = {10.1109/TIP.2011.2131660},
    acmid = {2333892},
    publisher = {IEEE Press},
    address = {Piscataway, NJ, USA},
}

@article{vu2012s3,
    author={C. T. {Vu} and T. D. {Phan} and D. M. {Chandler}},
    journal={IEEE Transactions on Image Processing},
    title={${S}_{3}$: A Spectral and Spatial Measure of Local Perceived Sharpness in Natural Images},
    year={2012},
    volume={21},
    number={3},
    pages={934-945},
    doi={10.1109/TIP.2011.2169974},
    ISSN={},
    month={March},
}

@article{bahrami2014fast,
    author={K. {Bahrami} and A. C. {Kot}},
    journal={IEEE Signal Processing Letters},
    title={A Fast Approach for No-Reference Image Sharpness Assessment Based on Maximum Local Variation},
    year={2014},
    volume={21},
    number={6},
    pages={751-755},
    doi={10.1109/LSP.2014.2314487},
    ISSN={},
    month={June},
}

@inproceedings{marziliano2002noreference,
    author={P. {Marziliano} and F. {Dufaux} and S. {Winkler} and T. {Ebrahimi}},
    booktitle={Proceedings. International Conference on Image Processing},
    title={A no-reference perceptual blur metric},
    year={2002},
    volume={3},
    pages={III-III},
    doi={10.1109/ICIP.2002.1038902},
    ISSN={1522-4880},
    month={Sep.},
}

@article{wang2004image,
    author={{Zhou Wang} and A. C. {Bovik} and H. R. {Sheikh} and E. P. {Simoncelli}},
    journal={IEEE Transactions on Image Processing},
    title={Image quality assessment: from error visibility to structural similarity},
    year={2004},
    volume={13},
    number={4},
    pages={600-612},
    doi={10.1109/TIP.2003.819861},
    ISSN={},
    month={April},
}


@article{james2014medical,
    title={Medical image fusion: A survey of the state of the art},
    author={James, A. P. and Dasarathy, B. V.},
    year={2014},
    doi={10.1016/j.inffus.2013.12.002},
    language={English},
    volume={19},
    pages={4--19},
    journal={Information Fusion},
    issn={1566-2535},
    publisher={Elsevier},
    number={1},
}

@article{huang2007evaluation,
    title={Evaluation of focus measures in multi-focus image fusion},
    journal={Pattern Recognition Letters},
    volume={28},
    number={4},
    pages={493 - 500},
    year={2007},
    issn={0167-8655},
    doi={https://doi.org/10.1016/j.patrec.2006.09.005},
    url={http://www.sciencedirect.com/science/article/pii/S0167865506002352},
    author={Huang, W. and Zhongliang, J.},
}

@article{pajares2004wavelet,
    title={A wavelet-based image fusion tutorial},
    journal={Pattern Recognition},
    volume={37},
    number={9},
    pages={1855 - 1872},
    year={2004},
    issn={0031-3203},
    doi={https://doi.org/10.1016/j.patcog.2004.03.010},
    url={http://www.sciencedirect.com/science/article/pii/S0031320304001037},
    author={Gonzalo Pajares and Jesús Manuel de la Cruz},
}

@article{zhou2014multi,
    title = {Multi-scale weighted gradient-based fusion for multi-focus images},
    author = {Zhou, Zhiqiang and Li, Sun and Wang, Bo},
    journal = {Information Fusion},
    volume = {20},
    pages = {60--72},
    year = {2014},
    publisher = {Elsevier}
}

@article{li2008multifocus,
    title={Multifocus image fusion using region segmentation and spatial frequency},
    journal={Image and Vision Computing},
    volume={26},
    number={7},
    pages={971 - 979},
    year={2008},
    issn={0262-8856},
    doi={https://doi.org/10.1016/j.imavis.2007.10.012},
    url={http://www.sciencedirect.com/science/article/pii/S0262885607002065},
    author={Shutao Li and Bin Yang},
}

@manual{stereo2012carl,
	title = {SteREO Discovery Stereomicroscope Operating Manual},
	author = {Carl Zeiss Microscopy GmbH, .}, 
	organization = {Carl Zeiss Microscopy GmbH},
	address = {Carl-Zeiss-Promenade 10, 07745 Jena, Deutschland},
	month = {1},
	year = {2012},
}

@article{zhang2009multifocus,
    title={Multifocus image fusion using the nonsubsampled contourlet transform},
    journal={Signal Processing},
    volume={89},
    number={7},
    pages={1334 - 1346},
    year={2009},
    issn={0165-1684},
    doi={https://doi.org/10.1016/j.sigpro.2009.01.012},
    url={http://www.sciencedirect.com/science/article/pii/S0165168409000097},
    author={Qiang Zhang and Bao-long Guo},
}

@inbook{davidson2002optical,
    author={Davidson, Michael W. and Abramowitz, Mortimer},
    publisher={American Cancer Society},
    isbn={9780471443391},
    title={Optical Microscopy},
    booktitle={Encyclopedia of Imaging Science and Technology},
    doi={10.1002/0471443395.img074},
    url={https://onlinelibrary.wiley.com/doi/abs/10.1002/0471443395.img074},
    eprint={https://onlinelibrary.wiley.com/doi/pdf/10.1002/0471443395.img074},
    year={2002},
}

@inbook{joshi2014defocus,
    author={Joshi, Neel},
    editor={Ikeuchi, Katsushi},
    title={Defocus Blur},
    bookTitle={Computer Vision: A Reference Guide},
    year={2014},
    publisher={Springer US},
    address={Boston, MA},
    pages={171--173},
    isbn={978-0-387-31439-6},
    doi={10.1007/978-0-387-31439-6_511},
    url={https://doi.org/10.1007/978-0-387-31439-6_511}
}

@book{murphy2012fundamentals,
    title={Fundamentals of Light Microscopy and Electronic Imaging},
    author={Murphy, D.B. and Davidson, M.W.},
    isbn={9781118382936},
    lccn={2012011737},
    year={2012},
    publisher={Wiley}
}

@book{rochow1994introduction,
    title={Introduction to Microscopy by Means of Light, Electrons, X Rays, or Acoustics},
    author={Rochow, T.G. and Tucker, P.A.},
    isbn={9780306446849},
    lccn={lc94015345},
    series={Language of science},
    year={1994},
    publisher={Springer US}
}

@book{leng2009materials,
  title={Materials characterization: introduction to microscopic and spectroscopic methods},
  author={Leng, Yang},
  year={2009},
  publisher={John Wiley \& Sons}
}

@article{schreier2004advances,
    author={Schreier, H. W.
    and Garcia, D.
    and Sutton, M. A.},
    title={Advances in light microscope stereo vision},
    journal={Experimental Mechanics},
    year={2004},
    month={Jun},
    day={01},
    volume={44},
    number={3},
    pages={278--288},
    issn={1741-2765},
    doi={10.1007/BF02427894},
    url={https://doi.org/10.1007/BF02427894}
}

@inproceedings{liu2008image, 
    author={Liu, R. and Li, Z. and Jia, J.}, 
    booktitle={2008 IEEE Conference on Computer Vision and Pattern Recognition},
    title={Image partial blur detection and classification}, 
    year={2008}, 
    pages={1-8}, 
    doi={10.1109/CVPR.2008.4587465}, 
    ISSN={1063-6919}, 
    month={June},
}

@book{petrou2010image,
	title = {Image Processing: The Fundamentals},
    author = {PETROU, M. and PETROU, C.},
    address = {Singapore},
    publisher = {John Wiley \& Sons},
    edition = {2},
    year = {2010},
}

@book{goodman1996introduction,
  title={Introduction to Fourier Optics},
  author={Goodman, J.W.},
  isbn={9780070242548},
  lccn={95082033},
  series={McGraw-Hill Series in Electrical and Computer Engineering: Communications and Signal Processing},
  url={https://books.google.com.br/books?id=QllRAAAAMAAJ},
  year={1996},
  publisher={McGraw-Hill}
}

@book{mathews1970mathematical,
  title={Mathematical Methods of Physics},
  author={Mathews, J. and Walker, R.L.},
  isbn={9780805370027},
  lccn={71080659},
  series={Addison-Wesley World Student Series},
  url={https://books.google.com.br/books?id=1iHvAAAAMAAJ},
  year={1970},
  publisher={W. A. Benjamin}
}

@book{goshtasby2012image,
  title = {Image registration: Principles, tools and methods},
  author = {Goshtasby, A Ardeshir},
  year = {2012},
  publisher = {Springer Science \& Business Media}
}

@article{lowe2004distinctive,
  title = {Distinctive image features from scale-invariant keypoints},
  author = {Lowe, David G},
  journal = {International journal of computer vision},
  volume = {60},
  number = {2},
  pages = {91--110},
  year = {2004},
  publisher = {Springer}
}

@article{uma2016comparison,
	author = {UMA, K. and PALLAVI, A. R. and SUBRAMANYAN, S.},
	title = {Comparision of Blur Detection and Segmentation Techniques},
	journal = {Indian Journal of Science and Technology},
	year = {2016},
	month = {12},
	volume = {9},
	doi = {10.17485/ijst/2016/v9iS1/107619}
}

@inproceedings{lowe1999object,
  title = {Object recognition from local scale-invariant features},
  author = {Lowe, David G},
  booktitle = {Proceedings of the seventh IEEE international conference on computer vision},
  volume = {2},
  pages = {1150--1157},
  year = {1999},
  organization = {Ieee}
}

@inproceedings{garg2014survey, 
    author={R. Garg and P. Gupta and H. Kaur}, 
    booktitle={2014 Recent Advances in Engineering and Computational Sciences (RAECS)}, 
    title={Survey on multi-focus image fusion algorithms}, 
    year={2014}, 
    pages={1-5}, 
    doi={10.1109/RAECS.2014.6799615}, 
    month={March}
}

@article{fischler1981random,
  title = {Random sample consensus: a paradigm for model fitting with applications to image analysis and automated cartography},
  author = {Fischler, Martin A and Bolles, Robert C},
  journal = {Communications of the ACM},
  volume = {24},
  number = {6},
  pages = {381--395},
  year = {1981},
  publisher = {ACM New York, NY, USA}
}

@article{dunst2019imaging,
	author = {Dunst, Sebastian and Tomancak, Pavel},
	title = {Imaging Flies by Fluorescence Microscopy: Principles, Technologies, and Applications},
	volume = {211},
	number = {1},
	pages = {15--34},
	year = {2019},
	doi = {10.1534/genetics.118.300227},
	publisher = {Genetics},
	issn = {0016-6731},
	URL = {https://www.genetics.org/content/211/1/15},
	eprint = {https://www.genetics.org/content/211/1/15.full.pdf},
	journal = {Genetics}
}

@inproceedings{barat2004segmentation,
	author={BARAT, C. L. and DUCOTTET, C. and BILGOT, A. and DESBAT, L.},
	title={Segmentation of blurred objects using wavelet transform: application to x-ray images},
	journal={Proc.SPIE},
	volume={5266},
	pages={5266 - 5266 - 12},
	year={2004},
	doi={10.1117/12.516058},
}

@inproceedings{liang2017automatic, 
	author = {LIANG, X. and WANG, X. and GUO, J. and ZHENG, J.}, 
	booktitle = {2017 IEEE 2nd Information Technology, Networking, Electronic and Automation Control Conference (ITNEC)}, 
	title = {Automatic segmentation of blurry region using haar-wavelet transform}, 
	year = {2017}, 
	pages = {132-136}, 
	doi = {10.1109/ITNEC.2017.8284923},
	month = {Dec}
}

@inproceedings{lee2014blurred, 
	author={LEE, H. and KIM, C.}, 
	booktitle={2014 IEEE International Conference on Image Processing (ICIP)}, 
	title={Blurred image region detection and segmentation}, 
	year={2014}, 
	pages={4427-4431}, 
	doi={10.1109/ICIP.2014.7025898}, 
	ISSN={1522-4880}, 
	month={Oct}
}

@article{taiebeh2017automatic,
    author = {TAIEBEH, A.J. and HASSANPOUR, H. and ABOLGHASEMI, V.},
    title = {Automatic estimation and segmentation of partial blur in natural images},
    journal = {The Visual Computer},
    year = {2017},
    month = {Feb},
    day = {01},
    volume = {33},
    number = {2},
    pages = {151--161},
    issn = {1432-2315},
    doi = {10.1007/s00371-015-1166-z},
    url = {https://doi.org/10.1007/s00371-015-1166-z}
}

@inproceedings{su2011blurred,
   author = {SU, B. and LU, S. and TAN, C. L.},
   title = {Blurred Image Region Detection and Classification},
   booktitle = {Proceedings of the 19th ACM International Conference on Multimedia},
   series = {MM '11},
   year = {2011},
   isbn = {978-1-4503-0616-4},
   location = {Scottsdale, Arizona, USA},
   pages = {1397--1400},
   numpages = {4},
   url = {http://doi.acm.org/10.1145/2072298.2072024},
   doi = {10.1145/2072298.2072024},
   acmid = {2072024},
   publisher = {ACM},
   address = {New York, NY, USA},
}

@article{petrovic2017clorophyll,
    title = {Chlorophyll degradation in aqueous mediums induced by light and UV-B irradiation: An UHPLC-ESI-MS study},
    journal = {Radiation Physics and Chemistry},
    volume = {141},
    pages = {8 - 16},
    year = {2017},
    issn = {0969-806X},
    doi = {https://doi.org/10.1016/j.radphyschem.2017.05.024},
    url = {http://www.sciencedirect.com/science/article/pii/S0969806X16307927},
    author = {Sanja Petrovi\'{C} and Jelena Zvezdanovi\'{C} and Dejan Markovi\'{C}},
}

@article{wei2018neural,
    author = {Wei, Ling and Roberts, Elijah},
    year = {2018},
    month = {12},
    title = {Neural network control of focal position during time-lapse microscopy of cells},
    volume = {8},
    journal = {Scientific Reports},
    doi = {10.1038/s41598-018-25458-w}
}

@article{zitova2003image,
    title = {Image registration methods: a survey},
    author = {Zitova, Barbara and Flusser, Jan},
    journal = {Image and vision computing},
    volume = {21},
    number = {11},
    pages = {977--1000},
    year = {2003},
    publisher = {Elsevier}
}


@book{bracewell2000fourier,
  title={The Fourier Transform and Its Applications},
  author={Bracewell, R.N. and Bracewell, R.},
  isbn={9780073039381},
  lccn={99021139},
  series={Electrical engineering series},
  year={2000},
  publisher={McGraw Hill}
}

@book{bovik2005handbook,
    author = {Bovik, Alan C.},
    title = {Handbook of Image and Video Processing (Communications, Networking and Multimedia)},
    year = {2005},
    isbn = {0121197921},
    publisher = {Academic Press, Inc.},
    address = {Orlando, FL, USA},
} 

@book{bovik2009essential,
    title = {The essential guide to image processing},
    author = {Bovik, Alan C},
    year = {2009},
    publisher = {Academic Press}
}

@book{gonzalez2008digital,
  title = {Digital Image Processing},
  author = {Gonzalez, R.C. and Woods, R.E.},
  isbn = {9780131687288},
  lccn = {2009289249},
  year = {2009},
  publisher = {Pearson/Prentice Hall}
}

@book{gonzalez2018digital,
  title={Digital Image Processing},
  author={Gonzalez, R.C. and Woods, R.E.},
  isbn={9780133356724},
  lccn={2017001581},
  url={https://books.google.com.br/books?id=0F05vgAACAAJ},
  year={2018},
  publisher={Pearson}
}

@MANUAL{frasson:2005:classe_abnt,
    title = {Classe ABNT: Confec{\c c}\~ao de trabalhos acad\^emicos em LATEX
    segundo as normas ABNT Vers\~ao 1.15},
    author = {Miguel V. S. Frasson and Gerald Weber},
    year = {2005},
    howpublished = {http://abntex.codigolivre.org.br}
}

@article{koho2016image,
  title={Image quality ranking method for microscopy},
  author={Koho, Sami and Fazeli, Elnaz and Eriksson, John E and H{\"a}nninen, Pekka E},
  journal={Scientific reports},
  volume={6},
  pages={28962},
  year={2016},
  publisher={Nature Publishing Group}
}

@article{costa2019multi,
  title={Multi-focus image fusion for bacilli images in conventional sputum smear microscopy for tuberculosis},
  author={Costa, Marly Guimar{\~a}es Fernandes and Pinto, KMB and Fujimoto, Luciana BM and Ogusku, Maur{\'\i}cio Morishi and Costa Filho, Cicero FF},
  journal={Biomedical Signal Processing and Control},
  volume={49},
  pages={289--297},
  year={2019},
  publisher={Elsevier}
}

@article{trivedi2020centroid,
  title={Centroid calculation of the blastomere from 3D Z-Stack image data of a 2-cell mouse embryo},
  author={Trivedi, Maharshi M and Mills, James K},
  journal={Biomedical Signal Processing and Control},
  volume={57},
  pages={101726},
  year={2020},
  publisher={Elsevier}
}

@book{mitra2000nonlinear,
    editor = {MITRA, S. K. and SICURANZA, G. L. and GIBSON, J. D.},
    title = {Nonlinear Image Processing},
    year = {2001},
    isbn = {0-12-500451-6},
    publisher = {Academic Press, Inc.},
    address = {Orlando, FL, USA},
}

@book{salomon2007data,
  author={Salomon, D.},
  title={Data Compression: The Complete Reference},
  publisher={Springer Verlag},
  address={Berlin, Germany},
  pages={xxv + 1092},
  year={2007},
  ISBN={1-84628-602-6},
  ISBN-13={978-1-84628-602-5},
}

@book{mitchell2010image,
    author = {Mitchell, H. B.},
    title = {Image Fusion: Theories, Techniques and Applications},
    year = {2010},
    isbn = {3642112153, 9783642112157},
    edition = {1st},
    publisher = {Springer Verlag},
    address={Berlin},
    }

@article{qiu2013evaluations,
	title = {Evaluations of Auto-Focusing Methods under a
	Microscopic Imaging Modality for Metaphase Chromosome Image Analysis},
	author = {QIU, Y. and CHEN, X. and LI, H. and CHEN, W. R. and ZHENG, B. and LI, S. and LIU, H.},
	doi = {10.3233/ACP-130077},
	journal = {Analytical Cellular Pathology},
	volume = {36},
	month = {August},
	year = {2013},
	pages = {37-44},
}

@book{vyas2017multiscale,
	title = {Multiscale Transforms with Application to Image Processing},
	author = {VYAS, A. and YU, S. and PAIK, J.},
	year = {2017},
	publisher = {Springer}
}

@book{brigham1988fast,
  title={The Fast Fourier Transform and Its Applications},
  author={Brigham, E.O.},
  isbn={9780133075052},
  lccn={88001029},
  series={Prentice-Hall Signal Processing Series: Advanced monographs},
  url={https://books.google.com.br/books?id=XfJQAAAAMAAJ},
  year={1988},
  publisher={Prentice Hall}
}

@article{sun2005autofocusing,
	title = {Autofocusing Algorithm Selection in Computer Microscopy},
	author = {SUN, Y. and DUTHALER, S. and NELSON, B.J.},
	doi = {10.1109/IROS.2005.1545017},
	journal = {2005 IEEE/RSJ International Conference on Intelligent Robots and Systems, 2005. (IROS 2005).},
	month = {August},
	year = {2005},
	publisher = {IEEE},
}

@article{richardson1972bayesian,
	author = {RICHARDSON, W. H.},
	journal = {J. Opt. Soc. Am.},
	number = {1},
	pages = {55--59},
	publisher = {OSA},
	title = {Bayesian-Based Iterative Method of Image Restoration},
	volume = {62},
	month = {Jan},
	year = {1972},
	doi = {10.1364/JOSA.62.000055},
}

@article{ponti2016image, 
	author={PONTI, M. A. and HELOU, E. S. and FERREIRA P. J. S. G. and MASCARENHAS, N. D. A.}, 
	journal={IEEE Journal of Selected Topics in Signal Processing}, 
	title={Image Restoration Using Gradient Iteration and Constraints for Band Extrapolation}, 
	year={2016}, 
	volume={10}, 
	number={1}, 
	pages={71-80}, 
	doi={10.1109/JSTSP.2015.2493978}, 
	ISSN={1932-4553}, 
	month={Feb},
}

@article{chikkerur2007fingerprint,
    title={Fingerprint enhancement using STFT analysis},
    journal={Pattern Recognition},
    volume={40},
    number={1},
    pages={198 - 211},
    year={2007},
    issn={0031-3203},
    doi={https://doi.org/10.1016/j.patcog.2006.05.036},
    url={http://www.sciencedirect.com/science/article/pii/S0031320306002457},
    author={Chikkerur, S. and Cartwright, A. N. and Govindaraju, V.},
}

@article{choi2009survey,
    author = {CHOI, Seung-Seok and CHA, Sung-Hyuk and TAPPERT, C.},
    year = {2009},
    month = {11},
    pages = {},
    title = {A Survey of Binary Similarity and Distance Measures},
    volume = {8},
    booktitle = {J. Syst. Cybern. Inf.}
}

@article{bovik2009mean,
    author = {WANG, Z. and BOVIK, A. C.},
    journal = {IEEE Signal Processing Magazine},
    title = {Mean squared error: Love it or leave it? A new look at Signal Fidelity Measures},
    year = {2009},
    volume = {26},
    number = {1},
    pages = {98-117},
    doi = {10.1109/MSP.2008.930649},
    ISSN = {1053-5888},
    month = {Jan},
}

@book{burrus1998introduction,
  title={Introduction to Wavelets and Wavelet Transforms: A Primer},
  author={Burrus, C.S. and Gopinath, R.A. and Guo, H.},
  isbn={9780134896007},
  lccn={97053263},
  series={Prentice Hall Series in Advanced},
  url={https://books.google.com.br/books?id=4DgZAQAAIAAJ},
  year={1998},
  publisher={Prentice Hall}
}

@book{dokland2006techniques,
    author = {Dokland, Terje and Hutmacher, Dietmar Werner and Ng, Mary Mah-Lee and Schantz, Jan-Thorsten},
    title = {Techniques in Microscopy for Biomedical Applications},
    publisher = {WORLD SCIENTIFIC},
    year = {2006},
    doi = {10.1142/5911},
    URL = {https://www.worldscientific.com/doi/abs/10.1142/5911},
    eprint = {https://www.worldscientific.com/doi/pdf/10.1142/5911}
}

@book{lawlor2019introduction,
  title={Introduction to Light Microscopy: Tips and Tricks for Beginners},
  author={Lawlor, D.},
  isbn={9783030053925},
  url={https://books.google.com.br/books?id=cRLovQEACAAJ},
  year={2019},
  publisher={Springer International Publishing}
}

@book{nixon2019feature,
  title={Feature extraction and image processing for computer vision},
  author={Nixon, Mark and Aguado, Alberto},
  year={2019},
  publisher={Academic Press}
}

@incollection{saalfeld2019computational,
    title = {Computational methods for stitching, alignment, and artifact correction of serial section data},
    editor = {Thomas Müller-Reichert and Gaia Pigino},
    series = {Methods in Cell Biology},
    publisher = {Academic Press},
    volume = {152},
    pages = {261 - 276},
    year = {2019},
    booktitle = {Three-Dimensional Electron Microscopy},
    issn = {0091-679X},
    doi = {https://doi.org/10.1016/bs.mcb.2019.04.007},
    url = {http://www.sciencedirect.com/science/article/pii/S0091679X19300585},
    author = {Stephan Saalfeld},
}

@article{kurt2016quick,
	author = {Thorn, Kurt},
	title = {A quick guide to light microscopy in cell biology},
	journal = {Molecular Biology of the Cell},
	volume = {27},
	number = {2},
	pages = {219-222},
	year = {2016},
	doi = {10.1091/mbc.e15-02-0088},
	note ={PMID: 26768859},
	URL = {https://doi.org/10.1091/mbc.e15-02-0088},
	eprint = {https://doi.org/10.1091/mbc.e15-02-0088}
}

@article{harvey1995diffraction,
    author = {Harvey, James and Ftaclas, Christ},
    year = {1995},
    month = {10},
    pages = {6337-49},
    title = {Diffraction effects of telescope secondary mirror spiders on various image-quality criteria},
    volume = {34},
    journal = {Applied optics},
    doi = {10.1364/AO.34.006337}
}

@article{nayar2004motion,
    author={S. K. {Nayar} and M. {Ben-Ezra}},
    journal={IEEE Transactions on Pattern Analysis and Machine Intelligence},
    title={Motion-based motion deblurring},
    year={2004},
    volume={26},
    number={6},
    pages={689-698},
    doi={10.1109/TPAMI.2004.1},
    ISSN={1939-3539},
    month={June},
}

@article{hummel1987deblurring,
    title = {Deblurring Gaussian blur},
    journal = {Computer Vision, Graphics, and Image Processing},
    volume = {38},
    number = {1},
    pages = {66 - 80},
    year = {1987},
    issn = {0734-189X},
    doi = {https://doi.org/10.1016/S0734-189X(87)80153-6},
    url = {http://www.sciencedirect.com/science/article/pii/S0734189X87801536},
    author = {Robert A. Hummel and B. Kimia and Steven W. Zucker},
}

@article{sonali2019approach,
    title = {An approach for de-noising and contrast enhancement of retinal fundus image using CLAHE},
    journal = {Optics \& Laser Technology},
    volume = {110},
    pages = {87 - 98},
    year = {2019},
    note = {Special Issue: Optical Imaging for Extreme Environment},
    issn = {0030-3992},
    doi = {https://doi.org/10.1016/j.optlastec.2018.06.061},
    url = {http://www.sciencedirect.com/science/article/pii/S0030399218306637},
    author = {Sonali and Sima Sahu and Amit Kumar Singh and S.P. Ghrera and Mohamed Elhoseny},
    keywords = {Fundus image, Filtering, CLAHE, Enhancement, De-noising},
}

@article{brown1992survey,
  title={A survey of image registration techniques},
  author={Brown, Lisa Gottesfeld},
  journal={ACM computing surveys (CSUR)},
  volume={24},
  number={4},
  pages={325--376},
  year={1992},
  publisher={ACM New York, NY, USA}
}

@article{filho2018plants,
	author = {Filho, Humberto A. and Bruno, Odemir M.},
	title = {Plants with purple abaxial leaves: A repository of metrics from stomata distribution},
	elocation-id = {294553},
	year = {2018},
	doi = {10.1101/294553},
	publisher = {Cold Spring Harbor Laboratory},
	URL = {https://www.biorxiv.org/content/early/2018/04/04/294553},
	eprint = {https://www.biorxiv.org/content/early/2018/04/04/294553.full.pdf},
	journal = {bioRxiv}
}

@article{hetherington2003role,
    title = {The role of stomata in sensing and driving environmental change},
    author = {Hetherington, Alistair M and Woodward, F Ian},
    journal = {Nature},
    volume = {424},
    number = {6951},
    pages = {901--908},
    year = {2003},
    publisher = {Nature Publishing Group}
}

@article{kanan2012color,
  title={Color-to-grayscale: does the method matter in image recognition?},
  author={Kanan, Christopher and Cottrell, Garrison W},
  journal={PloS one},
  volume={7},
  number={1},
  year={2012},
  publisher={Public Library of Science}
}

@article{marr1980theory,
  title={Theory of edge detection},
  author={Marr, David and Hildreth, Ellen},
  journal={Proceedings of the Royal Society of London. Series B. Biological Sciences},
  volume={207},
  number={1167},
  pages={187--217},
  year={1980},
  publisher={The Royal Society London}
}

@article{gheondea2016locally,
    author = {Gheondea, Aurelian},
    year = {2016},
    month = {01},
    pages = {735},
    title = {On locally Hilbert spaces},
    volume = {36},
    journal = {Opuscula Mathematica},
    doi = {10.7494/OpMath.2016.36.6.735}
}

@article{wang2011information,
    author={Z. {Wang} and Q. {Li}},
    journal={IEEE Transactions on Image Processing},
    title={Information Content Weighting for Perceptual Image Quality Assessment},
    year={2011},
    volume={20},
    number={5},
    pages={1185-1198},
    doi={10.1109/TIP.2010.2092435},
    ISSN={1941-0042},
    month={May},
}

@mastersthesis{paukner2007foundations,
    author={Paukner, S.},
    title={Foundations of Gabor Analysis for Image Processing},
    school={Universität Wien},
    year={2007},
    month={November},
    address={Vienna}
}

@Misc{uscsipi1977image,
    abstract= {The USC-SIPI image database is a collection of digitized
    images. It is maintained primarily to support research in
    image processing, image analysis, and machine vision. The
    first edition of the USC-SIPI image database was
    distributed in 1977 and many new images have been added
    since then.},
    dataset={http://sipi.usc.edu/database/},
    keywords={image processing},
    title={The USC-SIPI Image Database},
    year={1977}
}


@misc{rudi2020contrast,
  year = {2020},
  url = {http://zeiss-campus.magnet.fsu.edu/articles/basics/reflectedcontrast.html},
  urlaccessdate = {29/03/2011},
  author = {Rudi Rottenfusser and Erin E. Wilson and Michael W. Davidson},
  timestamp = {2020.01.31},
  title = {Contrast Modes in Reflected Light Microscopy}
}

@misc{weisstein2020delta,
  year = {2020},
  author = {Weisstein, Eric W.},
  title = {Delta Function. From MathWorld---A Wolfram Web Resource}},
  url = {http://mathworld.wolfram.com/DeltaFunction.html},
  urlaccessdate = {29/03/2020},
}

@misc{weisstein2020smooth,
  year = {2020},
  author = {Weisstein, Eric W.},
  title = {Smooth Function. From MathWorld--A Wolfram Web Resource}},
  url = {https://mathworld.wolfram.com/SmoothFunction.html},
  urlaccessdate = {30/03/2020},
}

@misc{weisstein2020compact,
  year = {2020},
  author = {Rowland, Todd and Weisstein, Eric W.},
  title = {Compact Support. From MathWorld--A Wolfram Web Resource.}},
  url = {https://mathworld.wolfram.com/CompactSupport.html},
  urlaccessdate = {29/03/2011},
}

% Our papers
@article{catanante2020frequency,
    title = {Frequency domain kurtosis-based no-reference image quality assessment for bright-field microscopy images},
    author = {Catanante, Victor Augusto Alves and Bruno, Odemir Martinez and Neto, João do Espírito Santo},
    journal = {arXiv preprint arXiv:2003.11526},
    year = {2020}
}